
@misc{pampalk:dissertation,
    author = {Elias Pampalk},
    title = {Computational Models of Music Similarity and their Application in Music Information Retrieval},
    year = {2006},
    howpublished = "\href{http://ece.colorado.edu/~fmeyer/class/ecen5322/pampalk06thesis.pdf}{http://ece.colorado.edu/~fmeyer/class/ecen5322/pampalk06thesis.pdf}" 
}

@article{tzanetakis:classification,
    author = {G. Tzanetakis and P. Cook},
    title = {Musical Genre Classification of Audio Signals},
    journal = {IEEE Transactions of Speech and Audio Processing},
    year = {2002},
    pages = {293-302}
}